@Inbook{Athreya_1972,
  author={Athreya, Krishna B and Ney, Peter E},
  editor={Doob, J L},
  title={{The Galton-Watson} Process},
  bookTitle={Branching Processes},
  chapter=1,
  year={1972},
  publisher={Springer},
  address={Berlin},
  pages={1--65}
}

@Article{Hasegawa_1984,
  doi = {10.2183/pjab.60.95},
  url = {https://doi.org/10.2183/pjab.60.95},
  year = {1984},
  publisher = {Japan Academy},
  volume = {60},
  number = {4},
  pages = {95--98},
  author = {Masami Hasegawa and {Taka-aki} Yano and Hirohisa Kishino},
  title = {A new molecular clock of mitochondrial {DNA} and the evolution of hominoids},
  journal = {Proceedings of the Japan Academy, Series B},
}

@Article{Hasegawa_1985,
  doi = {10.1007/bf02101694},
  url = {https://doi.org/10.1007/bf02101694},
  year = {1985},
  month = {oct},
  publisher = {Springer Nature},
  volume = {22},
  number = {2},
  pages = {160--174},
  author = {Masami Hasegawa and Hirohisa Kishino and Taka-aki Yano},
  title = {Dating of the human-ape splitting by a molecular clock of mitochondrial {DNA}},
  journal = {Journal of Molecular Evolution},
}

@InCollection{JC69,
  author = {T H Jukes and C R Cantor},
  editor = {H N Munro},
  title = {Evolution of protein molecules},
  booktitle = {Mammalian protein metabolism},
  chapter = {24},
  year = {1969},
  volume = {3},
  address = {New York},
  publisher = {Academic Press},
  pages = {21-131},
}

@Manual{Mason,
  title = {Mason--a read simulator for second generation sequencing data},
  author = {Holtgrewe, Manuel},
  organization = {Institut für Mathematik und Informatik, Freie Universität Berlin},
  year={2010}
}

@article{Nei,
  author = {Nei, Masatoshi and Li, Wen Hsiung},
  title = {{Mathematical model for studying genetic variation in terms of restriction endonucleases}},
  journal = {Proceedings of the National Academy of Sciences of the USA},
  year = {1979},
  volume = {76},
  number = {10},
  pages = {5269--5273}
}

@techreport{Oneill_2014pcg,
  author = {O'Neill, Melissa E},
  title = {{PCG: a family of simple fast space-efficient statistically good algorithms for random number generation}},
  year = {2014},
  address = {Claremont, CA},
  institution = {Harvey Mudd College},
  issue = {HMC-CS-2014-0905},
  month = sep
}

@Article{Sung_2016,
  doi = {10.1534/g3.116.030890},
  year = {2016},
  volume = {6},
  number = {8},
  pages = {2583--2591},
  author = {Way Sung and Matthew S. Ackerman and Marcus M. Dillon and Thomas G. Platt and Clay Fuqua and Vaughn S. Cooper and Michael Lynch},
  title = {Evolution of the Insertion-Deletion Mutation Rate Across the Tree of Life},
  journal = {G3: Genes$\vert$Genomes$\vert$Genetics},
}

@Article{Tavare_1986gtr,
  title={Some probabilistic and statistical problems in the analysis of {DNA} sequences},
  author={Tavar{\'e}, Simon},
  journal={Lectures on Mathematics in the Life Sciences},
  volume={17},
  number={2},
  pages={57--86},
  year={1986}
}

@Article{Thorne_1992,
  author = {Thorne, Jeffrey L and Kishino, Hirohisa and Felsenstein, Joseph},
  title = {{Inching toward reality: an improved likelihood model of sequence evolution}},
  journal = {Journal of Molecular Evolution},
  year = {1992},
  volume = {34},
  number = {1},
  pages = {3--16},
  month = jan
}

@Article{TN93,
  author = {K Tamura and M Nei},
  title = {Estimation of the number of nucleotide substitutions in the control region of mitochondrial DNA in humans and chimpanzees},
  journal = {Molecular Biology and Evolution},
  volume = {10},
  number = {3},
  pages = {512-526},
  year = {1993},
}

@article{Watterson,
  author = {Watterson, G A},
  title = {{On the number of segregating sites in genetical models without recombination}},
  journal = {Theoretical Population Biology},
  year = {1975},
  volume = {7},
  number = {2},
  pages = {256--276}
}

@Article{Yang_1994,
  author = {Yang, Ziheng B},
  title = {{Estimating the pattern of nucleotide substitution}},
  journal = {Journal of Molecular Evolution},
  year = {1994},
  volume = {39},
  number = {1},
  pages = {105--111},
  month = jul
}

@Book{Yang_2006,
  doi = {10.1093/acprof:oso/9780198567028.001.0001},
  url = {https://doi.org/10.1093/acprof:oso/9780198567028.001.0001},
  year = {2006},
  month = {oct},
  publisher = {Oxford University Press},
  address = {New York, NY, USA},
  author = {Ziheng Yang},
  title = {Computational Molecular Evolution},
}
