@Article{Albers_2010,
  doi = {10.1101/gr.112326.110},
  url = {https://doi.org/10.1101/gr.112326.110},
  year = {2010},
  month = {oct},
  publisher = {Cold Spring Harbor Laboratory},
  volume = {21},
  number = {6},
  pages = {961--973},
  author = {C. A. Albers and G. Lunter and D. G. MacArthur and G. McVean and W. H. Ouwehand and R. Durbin},
  title = {Dindel: Accurate indel calls from short-read data},
  journal = {Genome Research},
}

@Manual{Chang_2019,
  title = {R6: Encapsulated Classes with Reference Semantics},
  author = {Winston Chang},
  year = {2019},
  note = {R package version 2.4.0},
  url = {https://CRAN.R-project.org/package=R6},
}

@Article{Eddelbuettel_2011,
  title = {{Rcpp}: Seamless {R} and {C++} Integration},
  author = {Dirk Eddelbuettel and Romain Fran\c{c}ois},
  journal = {Journal of Statistical Software},
  year = {2011},
  volume = {40},
  number = {8},
  pages = {1--18},
  url = {http://www.jstatsoft.org/v40/i08/},
  doi = {10.18637/jss.v040.i08},
}

@Article{Efraimidis_2006,
  doi = {10.1016/j.ipl.2005.11.003},
  url = {https://doi.org/10.1016/j.ipl.2005.11.003},
  year = {2006},
  month = {mar},
  publisher = {Elsevier {BV}},
  volume = {97},
  number = {5},
  pages = {181--185},
  author = {Pavlos S. Efraimidis and Paul G. Spirakis},
  title = {Weighted random sampling with a reservoir},
  journal = {Information Processing Letters},
}

@Article{Escalona_2016,
  doi = {10.1038/nrg.2016.57},
  url = {https://doi.org/10.1038/nrg.2016.57},
  year = {2016},
  month = {jun},
  publisher = {Springer Nature},
  volume = {17},
  number = {8},
  pages = {459--469},
  author = {Merly Escalona and Sara Rocha and David Posada},
  title = {A comparison of tools for the simulation of genomic next-generation sequencing data},
  journal = {Nature Reviews Genetics},
}

@Article{Ewing_2010,
  doi = {10.1093/bioinformatics/btq322},
  url = {https://doi.org/10.1093/bioinformatics/btq322},
  year = {2010},
  month = {jun},
  publisher = {Oxford University Press ({OUP})},
  volume = {26},
  number = {16},
  pages = {2064--2065},
  author = {Gregory Ewing and Joachim Hermisson},
  title = {{MSMS}: a coalescent simulation program including recombination, demographic structure and selection at a single locus},
  journal = {Bioinformatics},
}

@Article{Felsenstein_1981,
  doi = {10.1007/bf01734359},
  url = {https://doi.org/10.1007/bf01734359},
  year = {1981},
  month = {nov},
  publisher = {Springer Nature},
  volume = {17},
  number = {6},
  pages = {368--376},
  author = {Joseph Felsenstein},
  title = {Evolutionary trees from {DNA} sequences: A maximum likelihood approach},
  journal = {Journal of Molecular Evolution},
}

@Article{Fletcher_2009,
  doi = {10.1093/molbev/msp098},
  url = {https://doi.org/10.1093/molbev/msp098},
  year = {2009},
  month = {may},
  publisher = {Oxford University Press ({OUP})},
  volume = {26},
  number = {8},
  pages = {1879--1888},
  author = {W. Fletcher and Z. Yang},
  title = {{INDELible}: A Flexible Simulator of Biological Sequence Evolution},
  journal = {Molecular Biology and Evolution},
}

@Manual{Forner_2018,
  title = {RcppProgress: An Interruptible Progress Bar with OpenMP Support for C++ in R
Packages},
  author = {Karl Forner},
  year = {2018},
  note = {R package version 0.4.1},
  url = {https://CRAN.R-project.org/package=RcppProgress},
}

@Article{Hasegawa_1984,
  doi = {10.2183/pjab.60.95},
  url = {https://doi.org/10.2183/pjab.60.95},
  year = {1984},
  publisher = {Japan Academy},
  volume = {60},
  number = {4},
  pages = {95--98},
  author = {Masami Hasegawa and Taka-aki Yano and Hirohisa Kishino},
  title = {A new molecular clock of mitochondrial {DNA} and the evolution of hominoids},
  journal = {Proceedings of the Japan Academy, Series B},
}

@Article{Hasegawa_1985,
  doi = {10.1007/bf02101694},
  url = {https://doi.org/10.1007/bf02101694},
  year = {1985},
  month = {oct},
  publisher = {Springer Nature},
  volume = {22},
  number = {2},
  pages = {160--174},
  author = {Masami Hasegawa and Hirohisa Kishino and Taka-aki Yano},
  title = {Dating of the human-ape splitting by a molecular clock of mitochondrial {DNA}},
  journal = {Journal of Molecular Evolution},
}

@Article{Huang_2011,
  doi = {10.1093/bioinformatics/btr708},
  url = {https://doi.org/10.1093/bioinformatics/btr708},
  year = {2011},
  month = {dec},
  publisher = {Oxford University Press ({OUP})},
  volume = {28},
  number = {4},
  pages = {593--594},
  author = {Weichun Huang and Leping Li and Jason R. Myers and Gabor T. Marth},
  title = {{ART}: a next-generation sequencing read simulator},
  journal = {Bioinformatics},
}

@Article{Hudson_2002,
  doi = {10.1093/bioinformatics/18.2.337},
  url = {https://doi.org/10.1093/bioinformatics/18.2.337},
  year = {2002},
  month = {feb},
  publisher = {Oxford University Press ({OUP})},
  volume = {18},
  number = {2},
  pages = {337--338},
  author = {R. R. Hudson},
  title = {Generating samples under a Wright-Fisher neutral model of genetic variation},
  journal = {Bioinformatics},
}

@InCollection{JC69,
  author = {T H Jukes and C R Cantor},
  editor = {H N Munro},
  title = {Evolution of protein molecules},
  booktitle = {Mammalian protein metabolism},
  chapter = {24},
  year = {1969},
  volume = {3},
  address = {New York},
  publisher = {Academic Press},
  pages = {21-131},
}

@Article{Kimura_1980,
  doi = {10.1007/bf01731581},
  url = {https://doi.org/10.1007/bf01731581},
  year = {1980},
  month = {jun},
  publisher = {Springer Nature},
  volume = {16},
  number = {2},
  pages = {111--120},
  author = {Motoo Kimura},
  title = {A simple method for estimating evolutionary rates of base substitutions through comparative studies of nucleotide sequences},
  journal = {Journal of Molecular Evolution},
}

@Article{Knaus_2016,
  title = {Vcf{R}: an R package to manipulate and visualize {VCF} format data},
  author = {Brian J. Knaus and Niklaus J. Gr{\"u}nwald},
  journal = {BioRxiv},
  year = {2016},
  url = {http://dx.doi.org/10.1101/041277},
}

@Article{Knaus_2017,
  title = {{VCFR}: a package to manipulate and visualize variant call format data in {R}},
  author = {Brian J. Knaus and Niklaus J. Gr{\"u}nwald},
  journal = {Molecular Ecology Resources},
  year = {2017},
  volume = {17},
  number = {1},
  issn = {757},
  url = {http://dx.doi.org/10.1111/1755-0998.12549},
  pages = {44--53},
}

@Article{Kronmal_1979,
  doi = {10.1080/00031305.1979.10482697},
  url = {https://doi.org/10.1080/00031305.1979.10482697},
  year = {1979},
  month = {nov},
  publisher = {Informa {UK} Limited},
  volume = {33},
  number = {4},
  pages = {214--218},
  author = {Richard A. Kronmal and Arthur V. Peterson},
  title = {On the Alias Method for Generating Random Variables from a Discrete Distribution},
  journal = {The American Statistician},
}

@Article{Li_2011,
  doi = {10.1093/molbev/msr011},
  url = {https://doi.org/10.1093/molbev/msr011},
  year = {2011},
  month = {jan},
  publisher = {Oxford University Press ({OUP})},
  volume = {28},
  number = {6},
  pages = {1901--1911},
  author = {X. Li and C. Zhu and Z. Lin and Y. Wu and D. Zhang and G. Bai and W. Song and J. Ma and G. J. Muehlbauer and M. J. Scanlon and M. Zhang and J. Yu},
  title = {Chromosome Size in Diploid Eukaryotic Species Centers on the Average Length with a Conserved Boundary},
  journal = {Molecular Biology and Evolution},
}

@Article{Metzker_2009,
  doi = {10.1038/nrg2626},
  url = {https://doi.org/10.1038/nrg2626},
  year = {2009},
  month = {dec},
  publisher = {Springer Nature},
  volume = {11},
  number = {1},
  pages = {31--46},
  author = {Michael L. Metzker},
  title = {Sequencing technologies {\textemdash} the next generation},
  journal = {Nature Reviews Genetics},
}

@TechReport{Oneill_2014pcg,
  author = {Melissa E O'Neill},
  title = {{PCG: a family of simple fast space-efficient statistically good algorithms for random number generation}},
  year = {2014},
  address = {Claremont, CA},
  institution = {Harvey Mudd College},
  issue = {HMC-CS-2014-0905},
  month = {sep},
}

@Article{Paradis_2018,
  title = {ape 5.0: an environment for modern phylogenetics and evolutionary analyses in {R}},
  author = {E. Paradis and K. Schliep},
  journal = {Bioinformatics},
  year = {2018},
  volume = {35},
  pages = {526-528},
}

@Article{Paul_R._Staab_2015,
  title = {{scrm}: efficiently simulating long sequences using the approximated coalescent with recombination},
  author = {{Paul R. Staab} and {Sha Zhu} and {Dirk Metzler} and {Gerton Lunter}},
  year = {2015},
  journal = {Bioinformatics},
  volume = {31},
  number = {10},
  pages = {1680-1682},
  url = {http://bioinformatics.oxfordjournals.org/content/31/10/1680},
}

@Article{Paul_R._Staab_2016,
  title = {{Coala}: an {R} framework for coalescent simulation},
  author = {{Paul R. Staab} and {Dirk Metzler}},
  year = {2016},
  journal = {Bioinformatics},
  doi = {10.1093/bioinformatics/btw098},
  url = {http://bioinformatics.oxfordjournals.org/content/early/2016/03/09/bioinformatics.btw098.abstract},
}

@Manual{R_Core_Team_2019,
  title = {{R:} A Language and Environment for Statistical Computing},
  author = {{R Core Team}},
  organization = {R Foundation for Statistical Computing},
  address = {Vienna, Austria},
  year = {2019},
  url = {https://www.R-project.org/},
}

@Article{St_cker_2016,
  doi = {10.1093/bioinformatics/btw286},
  url = {https://doi.org/10.1093/bioinformatics/btw286},
  year = {2016},
  month = {may},
  publisher = {Oxford University Press ({OUP})},
  volume = {32},
  number = {17},
  pages = {2704--2706},
  author = {Bianca K. St{\"o}cker and Johannes K{\"o}ster and Sven Rahmann},
  title = {{SimLoRD}: Simulation of Long Read Data},
  journal = {Bioinformatics},
}

@Article{Tavare_1986gtr,
  title = {Some probabilistic and statistical problems in the analysis of {DNA} sequences},
  author = {Simon Tavar{\a'e}},
  journal = {Lectures on Mathematics in the Life Sciences},
  volume = {17},
  number = {2},
  pages = {57--86},
  year = {1986},
}

@Article{Thorne_1992,
  author = {Jeffrey L Thorne and Hirohisa Kishino and Joseph Felsenstein},
  title = {{Inching toward reality: an improved likelihood model of sequence evolution}},
  journal = {Journal of Molecular Evolution},
  year = {1992},
  volume = {34},
  number = {1},
  pages = {3--16},
  month = {jan},
}

@Article{TN93,
  author = {K Tamura and M Nei},
  title = {Estimation of the number of nucleotide substitutions in the control region of mitochondrial DNA in humans and chimpanzees},
  journal = {Molecular Biology and Evolution},
  volume = {10},
  number = {3},
  pages = {512-526},
  year = {1993},
}

@Article{Vitter_1984,
  doi = {10.1145/358105.893},
  url = {https://doi.org/10.1145/358105.893},
  year = {1984},
  month = {jul},
  publisher = {Association for Computing Machinery ({ACM})},
  volume = {27},
  number = {7},
  pages = {703--718},
  author = {Jeffrey Scott Vitter},
  title = {Faster methods for random sampling},
  journal = {Communications of the {ACM}},
}

@Article{Walker_1974,
  doi = {10.1049/el:19740097},
  url = {https://doi.org/10.1049/el:19740097},
  year = {1974},
  publisher = {Institution of Engineering and Technology ({IET})},
  volume = {10},
  number = {8},
  pages = {127},
  author = {A.J. Walker},
  title = {New fast method for generating discrete random numbers with arbitrary frequency distributions},
  journal = {Electronics Letters},
}

@Article{Yang_1994,
  author = {Ziheng B Yang},
  title = {{Estimating the pattern of nucleotide substitution}},
  journal = {Journal of Molecular Evolution},
  year = {1994},
  volume = {39},
  number = {1},
  pages = {105--111},
  month = {jul},
}

@Book{Yang_2006,
  doi = {10.1093/acprof:oso/9780198567028.001.0001},
  url = {https://doi.org/10.1093/acprof:oso/9780198567028.001.0001},
  year = {2006},
  month = {oct},
  publisher = {Oxford University Press},
  address = {New York, NY, USA},
  author = {Ziheng Yang},
  title = {Computational Molecular Evolution},
}
